
@techreport{leberre:hal-04208924,
  TITLE = {{Higher Education and Research Forges in France - Definition, uses, limitations encountered and needs analysis}},
  AUTHOR = {Le Berre, Daniel and Jeannas, Jean-Yves and Di Cosmo, Roberto and Pellegrini, Fran{\c c}ois},
  URL = {https://hal-lara.archives-ouvertes.fr/hal-04208924},
  INSTITUTION = {{Comit{\'e} pour la science ouverte}},
  YEAR = {2023},
  MONTH = May,
  DOI = {10.52949/37},
  KEYWORDS = {open science ; open source software ; science ouverte ; logiciel libre},
  PDF = {https://hal-lara.archives-ouvertes.fr/hal-04208924v1/file/Higher_Education_and_Research_Forges_in_France.pdf},
  HAL_ID = {hal-04208924},
  HAL_VERSION = {v1},
}

@article{orviz_fernandez_eosc-synergy_2020,
	title = {{EOSC}-synergy: A set of Common Service Quality Assurance Baseline Criteria for Research Projects},
	rights = {{openAccess}, Creative Commons},
	url = {https://digital.csic.es/handle/10261/214441},
	doi = {10.20350/DIGITALCSIC/12533},
	shorttitle = {{EOSC}-synergy},
	author = {Orviz Fernández, Pablo and David, Mario and Gomes, Jorge and {Joao Pina} and Bernardo, Samuel and Campos Plasencia, Isabel and Moltó, Germán and Caballer, Miguel},
	editora = {{Digital.CSIC} and {Digital.CSIC}},
	editoratype = {collaborator},
	urldate = {2022-02-10},
	date = {2020-06-15},
	langid = {english},
}

@article{shepherdson_cessda_2019,
	title = {{CESSDA} Software Maturity Levels},
	url = {https://zenodo.org/record/2614050},
	doi = {10.5281/zenodo.2614050},
	author = {Shepherdson, John},
	urldate = {2022-02-10},
	date = {2019-03-29},
	keywords = {Quality, Software},
}

@article{orviz_set_2017,
	title = {A set of common software quality assurance baseline criteria for research projects},
	rights = {{openAccess}},
	url = {https://digital.csic.es/handle/10261/160086},
	doi = {10.20350/DIGITALCSIC/12543},
	author = {Orviz, Pablo and López García, Álvaro and Duma, Doina Cristina and Donvito, Giacinto and David, Mario and Gomes, Jorge},
	editora = {{Digital.CSIC} and {Digital.CSIC}},
	editoratype = {collaborator},
	urldate = {2022-02-10},
	date = {2017},
	langid = {english},
}

@book{european_commission_scholarly_2020,
	location = {{LU}},
	title = {Scholarly infrastructures for research software: report from the {EOSC} Executive Board Working Group ({WG}) Architecture Task Force ({TF}) {SIRS}},
	isbn = {978-92-76-25568-0},
	url = {https://data.europa.eu/doi/10.2777/28598},
	shorttitle = {Scholarly infrastructures for research software},
	publisher = {Publications Office of the European Union},
	author = {{Directorate-General for Research and Innovation (European Commission)}},
	urldate = {2022-01-28},
	date = {2020},
}

@report{gruenpeter_defining_2021,
	title = {Defining Research Software: a controversial discussion},
	url = {https://zenodo.org/record/5504016},
	shorttitle = {Defining Research Software},
	institution = {Zenodo},
	author = {Gruenpeter, Morane and Katz, Daniel S. and Lamprecht, Anna-Lena and Honeyman, Tom and Garijo, Daniel and Struck, Alexander and Niehues, Anna and Martinez, Paula Andrea and Castro, Leyla Jael and Rabemanantsoa, Tovo and Chue Hong, Neil P. and Martinez-Ortiz, Carlos and Sesink, Laurents and Liffers, Matthias and Fouilloux, Anne Claire and Erdmann, Chris and Peroni, Silvio and Martinez Lavanchy, Paula and Todorov, Ilian and Sinha, Manodeep},
	urldate = {2022-01-28},
	date = {2021-09-13},
	doi = {10.5281/zenodo.5504016},
	keywords = {academic software, definition, {FAIR} principles, research software, scientific software, software source code},
}

@article{childers_artifact_2016,
	title = {Artifact Evaluation for Publications (Dagstuhl Perspectives Workshop 15452)},
	volume = {5},
	issn = {2192-5283},
	url = {http://drops.dagstuhl.de/opus/volltexte/2016/5762},
	doi = {10.4230/DagRep.5.11.29},
	pages = {29--35},
	number = {11},
	journaltitle = {Dagstuhl Reports},
	author = {Childers, Bruce R. and Fursin, Grigori and Krishnamurthi, Shriram and Zeller, Andreas},
	editor = {Childers, Bruce R. and Fursin, Grigori and Krishnamurthi, Shriram and Zeller, Andreas},
	date = {2016},
}

@article{zhao_impact_2017,
	title = {Impact evaluation of open source software: an Altmetrics perspective},
	volume = {110},
	issn = {0138-9130, 1588-2861},
	url = {http://link.springer.com/10.1007/s11192-016-2204-y},
	doi = {10.1007/s11192-016-2204-y},
	shorttitle = {Impact evaluation of open source software},
	pages = {1017--1033},
	number = {2},
	journaltitle = {Scientometrics},
	shortjournal = {Scientometrics},
	author = {Zhao, Rongying and Wei, Mingkun},
	urldate = {2020-10-15},
	date = {2017-02},
	langid = {english},
}

@article{DARTS2017,
	title = {Hitting the Bull'S eye with darts: Artifact evaluation in computer science},
	url = {https://zenodo.org/record/583007},
	doi = {10.5281/ZENODO.583007},
	author = {Wagner, Michael},
	date = {2017},
	note = {Publisher: Zenodo tex.copyright: Creative Commons Attribution 4.0},
	keywords = {artifact evaluation, dagstuhl, reproducibility, research artifact, research data, research data management, research evaluation},
}

@online{AboutPap55,
	title = {Papers With Code},
	url = {https://paperswithcode.com/about},
	author = {Stojnic, Robert and Taylor, Ross and Karadas, Marcin and Kerkez, Victor and Viaud, Ludovic},
	date = {2019},
}

@article{krishnamurthi_artifact_2011,
	title = {Artifact evaluation for software conferences},
	url = {https://www.artifact-eval.org/},
	author = {Krishnamurthi, Shriram},
	date = {2011},
}

@article{Katz2016,
	title = {Software vs. data in the context of citation},
	url = {https://doi.org/10.7287/peerj.preprints.2630v1},
	doi = {10.7287/peerj.preprints.2630v1},
	author = {Katz, Daniel S and Niemeyer, Kyle E and Smith, Arfon M and Anderson, William L and Boettiger, Carl and Hinsen, Konrad and Hooft, Rob and Hucka, Michael and Lee, Allen and Löffler, Frank and Pollard, Tom and Rios, Fernando},
	date = {2016-12},
	note = {Publisher: {PeerJ}},
}

@article{hinsen_software_2013,
	title = {Software Development for Reproducible Research},
	volume = {15},
	url = {https://doi.org/10.1109/MCSE.2013.91},
	doi = {10.1109/MCSE.2013.91},
	pages = {60--63},
	number = {4},
	journaltitle = {Computing in Science and Engineering},
	author = {Hinsen, Konrad},
	date = {2013},
}

@online{GoodPrac52,
	title = {Good practice principles for scholarly communication services},
	url = {https://www.coar-repositories.org/news-updates/good-practice-principles-for-scholarly-communication-services-2/},
	author = {{COAR} and {SPARC}},
	urldate = {2020-06-10},
	date = {2019-01},
}

@report{clement-fontaine_encouraging_2019,
	title = {Encouraging a wider usage of software derived from research},
	url = {https://hal.archives-ouvertes.fr/hal-02545142},
	institution = {Committee for Open Science's Free Software and Open Source Project Group},
	type = {Research report},
	author = {Clément-Fontaine, Mélanie and Di Cosmo, Roberto and Guerry, Bastien and Moreau, Patrick and Pellegrini, François},
	date = {2019-11},
}

@article{boettiger_introduction_2015,
	title = {An introduction to Docker for reproducible research},
	volume = {49},
	issn = {0163-5980},
	url = {https://dl.acm.org/doi/10.1145/2723872.2723882},
	doi = {10.1145/2723872.2723882},
	pages = {71--79},
	number = {1},
	journaltitle = {{ACM} {SIGOPS} Operating Systems Review},
	shortjournal = {{SIGOPS} Oper. Syst. Rev.},
	author = {Boettiger, Carl},
	urldate = {2020-09-25},
	date = {2015-01-20},
	langid = {english},
}

@article{plesser_reproducibility_2018,
	title = {Reproducibility vs. Replicability: A Brief History of a Confused Terminology},
	volume = {11},
	issn = {1662-5196},
	url = {http://journal.frontiersin.org/article/10.3389/fninf.2017.00076/full},
	doi = {10.3389/fninf.2017.00076},
	shorttitle = {Reproducibility vs. Replicability},
	pages = {76},
	journaltitle = {Frontiers in Neuroinformatics},
	shortjournal = {Front. Neuroinform.},
	author = {Plesser, Hans E.},
	urldate = {2022-03-02},
	date = {2018-01-18},
}

@inproceedings{srisopha_software_2018,
	location = {Gothenburg Sweden},
	title = {Software quality through the eyes of the end-user and static analysis tools: a study on Android {OSS} applications},
	isbn = {978-1-4503-5737-1},
	url = {https://dl.acm.org/doi/10.1145/3194095.3194096},
	doi = {10.1145/3194095.3194096},
	shorttitle = {Software quality through the eyes of the end-user and static analysis tools},
	eventtitle = {{ICSE} '18: 40th International Conference on Software Engineering},
	pages = {1--4},
	booktitle = {Proceedings of the 1st International Workshop on Software Qualities and Their Dependencies},
	publisher = {{ACM}},
	author = {Srisopha, Kamonphop and Alfayez, Reem},
	urldate = {2022-06-24},
	date = {2018-05-28},
	langid = {english},
}

@inproceedings{brandtner_fostering_2013,
	location = {San Francisco, {CA}, {USA}},
	title = {Fostering software quality assessment},
	isbn = {978-1-4673-3076-3 978-1-4673-3073-2},
	url = {http://ieeexplore.ieee.org/document/6606725/},
	doi = {10.1109/ICSE.2013.6606725},
	eventtitle = {2013 35th International Conference on Software Engineering ({ICSE})},
	pages = {1393--1396},
	booktitle = {2013 35th International Conference on Software Engineering ({ICSE})},
	publisher = {{IEEE}},
	author = {Brandtner, Martin},
	urldate = {2022-06-24},
	date = {2013-05},
}

@article{montagud_systematic_2012,
	title = {A systematic review of quality attributes and measures for software product lines},
	volume = {20},
	issn = {0963-9314, 1573-1367},
	url = {http://link.springer.com/10.1007/s11219-011-9146-7},
	doi = {10.1007/s11219-011-9146-7},
	pages = {425--486},
	number = {3},
	journaltitle = {Software Quality Journal},
	shortjournal = {Software Qual J},
	author = {Montagud, Sonia and Abrahão, Silvia and Insfran, Emilio},
	urldate = {2022-06-24},
	date = {2012-09},
	langid = {english},
}

@article{baggen_standardized_2012,
	title = {Standardized code quality benchmarking for improving software maintainability},
	volume = {20},
	issn = {0963-9314, 1573-1367},
	url = {http://link.springer.com/10.1007/s11219-011-9144-9},
	doi = {10.1007/s11219-011-9144-9},
	pages = {287--307},
	number = {2},
	journaltitle = {Software Quality Journal},
	shortjournal = {Software Qual J},
	author = {Baggen, Robert and Correia, José Pedro and Schill, Katrin and Visser, Joost},
	urldate = {2022-06-24},
	date = {2012-06},
	langid = {english},
}

@article{trienekens_quality_2010,
	title = {Quality specification and metrication, results from a case-study in a mission-critical software domain},
	volume = {18},
	issn = {0963-9314, 1573-1367},
	url = {http://link.springer.com/10.1007/s11219-010-9101-z},
	doi = {10.1007/s11219-010-9101-z},
	pages = {469--490},
	number = {4},
	journaltitle = {Software Quality Journal},
	shortjournal = {Software Qual J},
	author = {Trienekens, Jos J. M. and Kusters, Rob J. and Brussel, Dennis C.},
	urldate = {2022-06-24},
	date = {2010-12},
	langid = {english},
}

@inproceedings{deissenboeck_software_2009,
	location = {Vancouver, {BC}},
	title = {Software quality models: Purposes, usage scenarios and requirements},
	isbn = {978-1-4244-3723-8},
	url = {http://ieeexplore.ieee.org/document/5071551/},
	doi = {10.1109/WOSQ.2009.5071551},
	shorttitle = {Software quality models},
	eventtitle = {2009 {ICSE} Workshop on Software Quality ({WoSQ} 2009)},
	pages = {9--14},
	booktitle = {2009 {ICSE} Workshop on Software Quality},
	publisher = {{IEEE}},
	author = {Deissenboeck, F. and Juergens, E. and Lochmann, K. and Wagner, S.},
	urldate = {2022-06-24},
	date = {2009-05},
}

@inproceedings{bakota_continuous_2008,
	location = {Leipzig, Germany},
	title = {Continuous software quality supervision using {SourceInventory} and Columbus},
	isbn = {978-1-60558-079-1},
	url = {http://portal.acm.org/citation.cfm?doid=1370175.1370193},
	doi = {10.1145/1370175.1370193},
	eventtitle = {Companion of the 13th international conference},
	pages = {931},
	booktitle = {Companion of the 13th international conference on Software engineering  - {ICSE} Companion '08},
	publisher = {{ACM} Press},
	author = {Bakota, Tibor and Beszédes, Árpád and Ferenć, Rudolf and Gyimóthy, Tibor},
	urldate = {2022-06-24},
	date = {2008},
	langid = {english},
}

@inproceedings{plosch_emisq_2007,
	location = {Columbia, {MD}},
	title = {The {EMISQ} Method - Expert Based Evaluation of Internal Software Quality},
	isbn = {978-0-7695-2862-5},
	url = {https://ieeexplore.ieee.org/document/4402769/},
	doi = {10.1109/SEW.2007.71},
	eventtitle = {2007 31st {IEEE} Software Engineering Workshop},
	pages = {99--108},
	booktitle = {31st {IEEE} Software Engineering Workshop ({SEW} 2007)},
	publisher = {{IEEE}},
	author = {Plosch, R. and Gruber, H. and Hentschel, A. and Korner, Ch. and Pomberger, G. and Schiffer, S. and Saft, M. and Storck, S.},
	urldate = {2022-06-24},
	date = {2007-03},
}

@article{cote_search_2007,
	title = {In search for a widely applicable and accepted software quality model for software quality engineering},
	volume = {15},
	issn = {0963-9314, 1573-1367},
	url = {http://link.springer.com/10.1007/s11219-007-9029-0},
	doi = {10.1007/s11219-007-9029-0},
	pages = {401--416},
	number = {4},
	journaltitle = {Software Quality Journal},
	shortjournal = {Software Qual J},
	author = {Côté, Marc-Alexis and Suryn, Witold and Georgiadou, Elli},
	urldate = {2022-06-24},
	date = {2007-11-14},
	langid = {english},
}

@article{aberdour_achieving_2007,
	title = {Achieving Quality in Open-Source Software},
	volume = {24},
	issn = {0740-7459},
	url = {http://ieeexplore.ieee.org/document/4052554/},
	doi = {10.1109/MS.2007.2},
	pages = {58--64},
	number = {1},
	journaltitle = {{IEEE} Software},
	shortjournal = {{IEEE} Softw.},
	author = {Aberdour, Mark},
	urldate = {2022-06-24},
	date = {2007-01},
}

@article{crispin_driving_2006,
	title = {Driving Software Quality: How Test-Driven Development Impacts Software Quality},
	volume = {23},
	issn = {0740-7459},
	url = {http://ieeexplore.ieee.org/document/4012627/},
	doi = {10.1109/MS.2006.157},
	shorttitle = {Driving Software Quality},
	pages = {70--71},
	number = {6},
	journaltitle = {{IEEE} Software},
	shortjournal = {{IEEE} Softw.},
	author = {Crispin, Lisa},
	urldate = {2022-06-24},
	date = {2006-11},
}

@incollection{estdale_applying_2018,
	title = {Applying the {ISO}/{IEC} 25010 Quality Models to Software Product: 25th European Conference, {EuroSPI} 2018, Bilbao, Spain, September 5-7, 2018, Proceedings},
	isbn = {978-3-319-97924-3},
	shorttitle = {Applying the {ISO}/{IEC} 25010 Quality Models to Software Product},
	pages = {492--503},
	author = {Estdale, John and Georgiadou, Elli},
	date = {2018-01-01},
	doi = {10.1007/978-3-319-97925-0_42},
}

@online{iso_25010_2011_2017,
	title = {Systems and software engineering - Systems and software Quality Requirements and Evaluation ({SQuaRE}) - System and software quality models: {ISO}/{IEC} 25010:2011},
	url = {https://www.iso.org/standard/35733.html},
	shorttitle = {{ISO}/{IEC} 25010:2011},
	titleaddon = {{ISO}},
	author = {{ISO Central Secretary}},
	urldate = {2022-06-24},
	langid = {english},
	date = {2017},
}

@inproceedings{zuser_software_2005,
	location = {St. Louis, Missouri},
	title = {Software quality development and assurance in {RUP}, {MSF} and {XP}: a comparative study},
	isbn = {978-1-59593-122-1},
	url = {http://dl.acm.org/citation.cfm?doid=1083292.1083300},
	doi = {10.1145/1083292.1083300},
	shorttitle = {Software quality development and assurance in {RUP}, {MSF} and {XP}},
	eventtitle = {the third workshop},
	pages = {1},
	booktitle = {Proceedings of the third workshop on Software quality - 3-{WoSQ}},
	publisher = {{ACM} Press},
	author = {Zuser, Wolfgang and Heil, Stefan and Grechenig, Thomas},
	urldate = {2022-06-24},
	date = {2005},
	langid = {english},
}

@inproceedings{nagappan_early_2005,
	location = {St. Louis, Missouri},
	title = {Early estimation of software quality using in-process testing metrics: a controlled case study},
	isbn = {978-1-59593-122-1},
	url = {http://dl.acm.org/citation.cfm?doid=1083292.1083304},
	doi = {10.1145/1083292.1083304},
	shorttitle = {Early estimation of software quality using in-process testing metrics},
	eventtitle = {the third workshop},
	pages = {1},
	booktitle = {Proceedings of the third workshop on Software quality - 3-{WoSQ}},
	publisher = {{ACM} Press},
	author = {Nagappan, Nachiappan and Williams, Laurie and Vouk, Mladen and Osborne, Jason},
	urldate = {2022-06-24},
	date = {2005},
	langid = {english},
}

@article{ct_evolution_2005,
	title = {The Evolution Path for Industrial Software Quality Evaluation Methods Applying {ISO}/{IEC} 9126:2001 Quality Model: Example of {MITRE}?s {SQAE} Method},
	volume = {13},
	issn = {0963-9314, 1573-1367},
	url = {http://link.springer.com/10.1007/s11219-004-5259-6},
	doi = {10.1007/s11219-004-5259-6},
	shorttitle = {The Evolution Path for Industrial Software Quality Evaluation Methods Applying {ISO}/{IEC} 9126},
	pages = {17--30},
	number = {1},
	journaltitle = {Software Quality Journal},
	shortjournal = {Software Qual J},
	author = {C\^{0}t\`{e}, Marc-Alexis and Suryn, Witold and Laporte, Claude Y. and Martin, Robert A.},
	urldate = {2022-06-24},
	date = {2005-03},
	langid = {english},
}

@article{ho-won_jung_measuring_2004,
	title = {Measuring Software Product Quality: A Survey of {ISO}/{IEC} 9126},
	volume = {21},
	issn = {0740-7459},
	url = {http://ieeexplore.ieee.org/document/1331309/},
	doi = {10.1109/MS.2004.1331309},
	shorttitle = {Measuring Software Product Quality},
	pages = {88--92},
	number = {5},
	journaltitle = {{IEEE} Software},
	shortjournal = {{IEEE} Softw.},
	author = {{Ho-Won Jung} and {Seung-Gweon Kim} and {Chang-Shin Chung}},
	urldate = {2022-06-24},
	date = {2004-09},
	langid = {english},
}

@article{ortega_construction_2003,
	title = {Construction of a systemic quality model for evaluating a software product},
	volume = {11},
	issn = {09639314},
	url = {http://link.springer.com/10.1023/A:1025166710988},
	doi = {10.1023/A:1025166710988},
	pages = {219--242},
	number = {3},
	journaltitle = {Software Quality Journal},
	author = {Ortega, Maryoly and Pérez, {MarÍa} and Rojas, Teresita},
	urldate = {2022-06-24},
	date = {2003},
}

@article{blin_multi-criteria_2001,
	title = {Multi-Criteria Methodology Contribution to the Software Quality Evaluation},
	volume = {9},
	issn = {09639314},
	url = {http://link.springer.com/10.1023/A:1016626919680},
	doi = {10.1023/A:1016626919680},
	pages = {113--132},
	number = {2},
	journaltitle = {Software Quality Journal},
	author = {Blin, Marie-José and Tsoukiàs, Alexis},
	urldate = {2022-06-24},
	date = {2001},
}

@inproceedings{tanaka_software_1998,
	location = {Kyoto, Japan},
	title = {Software quality analysis and measurement service activity in the company},
	isbn = {978-0-8186-8368-8},
	url = {http://ieeexplore.ieee.org/document/671598/},
	doi = {10.1109/ICSE.1998.671598},
	eventtitle = {20th International Conference on Software Engineering},
	pages = {426--429},
	booktitle = {Proceedings of the 20th International Conference on Software Engineering},
	publisher = {{IEEE} Comput. Soc},
	author = {Tanaka, T. and Aizawa, M. and Ogasawara, H. and Yamada, A.},
	urldate = {2022-06-24},
	date = {1998},
}

@article{stelzer_critical_1997,
	title = {A critical look at {ISO} 9000 for software quality management},
	volume = {6},
	issn = {09639314},
	url = {http://link.springer.com/10.1023/A:1018591430752},
	doi = {10.1023/A:1018591430752},
	pages = {65--79},
	number = {2},
	journaltitle = {Software Quality Control},
	author = {Stelzer, Dirk and Mellis, Werner and Herzwurm, Georg},
	urldate = {2022-06-24},
	date = {1997},
}

@article{van_zeist_specifying_1996,
	title = {Specifying software quality with the extended {ISO} model},
	volume = {5},
	issn = {0963-9314, 1573-1367},
	url = {http://link.springer.com/10.1007/BF00209185},
	doi = {10.1007/BF00209185},
	pages = {273--284},
	number = {4},
	journaltitle = {Software Quality Journal},
	shortjournal = {Software Qual J},
	author = {Van Zeist, R. H. J. and Hendriks, P. R. H.},
	urldate = {2022-06-24},
	date = {1996-12},
	langid = {english},
}

@article{hovenden_building_1996,
	title = {Building quality into scientific software},
	volume = {5},
	issn = {0963-9314, 1573-1367},
	url = {http://link.springer.com/10.1007/BF02420942},
	doi = {10.1007/BF02420942},
	pages = {25--32},
	number = {1},
	journaltitle = {Software Quality Journal},
	shortjournal = {Software Qual J},
	author = {Hovenden, F. M. and Walker, S. D. and Sharp, H. C. and Woodman, M.},
	urldate = {2022-06-24},
	date = {1996-03},
	langid = {english},
}

@article{kitchenham_software_1996,
	title = {Software quality: the elusive target [special issues section]},
	volume = {13},
	issn = {07407459},
	url = {http://ieeexplore.ieee.org/document/476281/},
	doi = {10.1109/52.476281},
	shorttitle = {Software quality},
	pages = {12--21},
	number = {1},
	journaltitle = {{IEEE} Software},
	shortjournal = {{IEEE} Softw.},
	author = {Kitchenham, B. and Pfleeger, S.L.},
	urldate = {2022-06-24},
	date = {1996-01},
}

@article{schneidewind_controlling_1995,
	title = {Controlling and predicting the quality of space shuttle software using metrics},
	volume = {4},
	issn = {0963-9314, 1573-1367},
	url = {http://link.springer.com/10.1007/BF00404649},
	doi = {10.1007/BF00404649},
	pages = {49--68},
	number = {1},
	journaltitle = {Software Quality Journal},
	shortjournal = {Software Qual J},
	author = {Schneidewind, Norman F.},
	urldate = {2022-06-24},
	date = {1995-03},
	langid = {english},
}

@article{gillies_modelling_1992,
	title = {Modelling software quality in the commercial environment},
	volume = {1},
	issn = {0963-9314, 1573-1367},
	url = {http://link.springer.com/10.1007/BF01720924},
	doi = {10.1007/BF01720924},
	pages = {175--191},
	number = {3},
	journaltitle = {Software Quality Journal},
	shortjournal = {Software Qual J},
	author = {Gillies, Alan},
	urldate = {2022-06-24},
	date = {1992-09},
	langid = {english},
}

@incollection{international_conference_on_software_engineering_practice_1990,
	location = {Los Alamitos Brussels Tokyo [Paris]},
	title = {Practice of quality modeling and measurement on software life-cycle},
	isbn = {978-0-8186-2026-3},
	publisher = {{IEEE} Computer society press [diff. {AFCET}]},
	editor = {International conference on software engineering and Association for computing machinery and {IEEE} computer society and Association française pour la cybernétique économique et technique},
	date = {1990},
}

@article{galli_use_2021,
	title = {On the Use of Quality Models to Address Distinct Quality Views},
	volume = {4},
	issn = {2571-5577},
	url = {https://www.mdpi.com/2571-5577/4/3/41},
	doi = {10.3390/asi4030041},
	pages = {41},
	number = {3},
	journaltitle = {Applied System Innovation},
	shortjournal = {{ASI}},
	author = {Galli, Tamas and Chiclana, Francisco and Siewe, Francois},
	urldate = {2022-06-24},
	date = {2021-07-02},
	langid = {english},
}

@article{wagner_software_2012,
	title = {Software Quality Models in Practice Survey Results},
	pages = {24},
	author = {Wagner, Stefan and Lochmann, Klaus and Winter, Sebastian and Goeb, Andreas and Klaes, Michael and Nunnenmacher, Sabine},
	langid = {english},
	date = {2012},
}

@report{schlauch_tobias_dlr_2018,
	title = {{DLR} Software Engineering Guidelines},
	rights = {Creative Commons Attribution 4.0 International, Open Access},
	url = {https://zenodo.org/record/1344611},
	institution = {Zenodo},
	author = {Schlauch, Tobias and Meinel, Michael and Haupt, Carina},
	urldate = {2022-06-24},
	date = {2018-08-17},
	langid = {english},
	doi = {10.5281/ZENODO.1344611},
	note = {Version Number: 1.0.0},
	keywords = {guidelines, research-software-engineering},
}

@incollection{boehm_quantitative_1976,
	location = {San Francisco; United States},
	title = {Quantitative evaluation of software quality},
	pages = {592--605},
	booktitle = {Proceedings - 2nd International Conference on Software Engineering, {ICSE} 1976},
	author = {Boehm, B.W. and Brown, J.R. and Lipow, M.},
	date = {1976-10-13},
}

@misc{raymond_software_2013,
	title = {Software Release Practice {HOWTO}},
	url = {https://tldp.org/HOWTO/Software-Release-Practice-HOWTO/},
	author = {Raymond, Eric Steven},
	date = {2013-01-14},
}

@article{research_data_alliance_fair_data_maturity_model_working_group_fair_2020,
	title = {{FAIR} Data Maturity Model: specification and guidelines},
	rights = {Creative Commons Attribution 4.0 International},
	url = {https://zenodo.org/record/3909563},
	doi = {10.15497/RDA00050},
	shorttitle = {{FAIR} Data Maturity Model},
	author = {Research Data Alliance {FAIR} Data Maturity Model Working Group},
	urldate = {2023-06-02},
	date = {2020},
	langid = {english},
	note = {Publisher: Research Data Alliance Version Number: 1},
}

@article{wilkinson_fair_2016,
	title = {The {FAIR} Guiding Principles for scientific data management and stewardship},
	volume = {3},
	issn = {2052-4463},
	url = {https://www.nature.com/articles/sdata201618},
	doi = {10.1038/sdata.2016.18},
	pages = {160018},
	number = {1},
	journaltitle = {Scientific Data},
	shortjournal = {Sci Data},
	author = {Wilkinson, Mark D. and Dumontier, Michel and Aalbersberg, {IJsbrand} Jan and Appleton, Gabrielle and Axton, Myles and Baak, Arie and Blomberg, Niklas and Boiten, Jan-Willem and Da Silva Santos, Luiz Bonino and Bourne, Philip E. and Bouwman, Jildau and Brookes, Anthony J. and Clark, Tim and Crosas, Mercè and Dillo, Ingrid and Dumon, Olivier and Edmunds, Scott and Evelo, Chris T. and Finkers, Richard and Gonzalez-Beltran, Alejandra and Gray, Alasdair J.G. and Groth, Paul and Goble, Carole and Grethe, Jeffrey S. and Heringa, Jaap and 'T Hoen, Peter A.C and Hooft, Rob and Kuhn, Tobias and Kok, Ruben and Kok, Joost and Lusher, Scott J. and Martone, Maryann E. and Mons, Albert and Packer, Abel L. and Persson, Bengt and Rocca-Serra, Philippe and Roos, Marco and Van Schaik, Rene and Sansone, Susanna-Assunta and Schultes, Erik and Sengstag, Thierry and Slater, Ted and Strawn, George and Swertz, Morris A. and Thompson, Mark and Van Der Lei, Johan and Van Mulligen, Erik and Velterop, Jan and Waagmeester, Andra and Wittenburg, Peter and Wolstencroft, Katherine and Zhao, Jun and Mons, Barend},
	urldate = {2023-06-02},
	date = {2016-03-15},
	langid = {english},
}

@article{iso_central_secretary_isoiecieee_2010,
	title = {{ISO}/{IEC}/{IEEE} International Standard - Systems and software engineering -- Vocabulary},
	url = {http://ieeexplore.ieee.org/document/5733835/},
	doi = {10.1109/IEEESTD.2010.5733835},
	pages = {1--418},
	journaltitle = {{ISO}/{IEC}/{IEEE} 24765:2010(E)},
	author = {{ISO Central Secretary}},
	urldate = {2023-07-10},
	date = {2010},
	note = {{ISBN}: 9780738162058},
}

@ARTICLE{iso_iec_24765_2017,
  author={},
  journal={ISO/IEC/IEEE 24765:2017(E)}, 
  title={ISO/IEC/IEEE International Standard - Systems and software engineering--Vocabulary}, 
  year={2017},
  volume={},
  number={},
  pages={1-541},
  doi={10.1109/IEEESTD.2017.8016712}
}

@inproceedings{ogasawara_experiences_1996,
	address = {Berlin, Germany},
	title = {Experiences of software quality management using metrics through the life-cycle},
	isbn = {978-0-8186-7247-7},
	url = {http://ieeexplore.ieee.org/document/493414/},
	doi = {10.1109/ICSE.1996.493414},
	urldate = {2023-07-28},
	booktitle = {Proceedings of {IEEE} 18th {International} {Conference} on {Software} {Engineering}},
	publisher = {IEEE Comput. Soc. Press},
	author = {Ogasawara, H. and Yamada, A. and Kojo, M.},
	year = {1996},
	pages = {179--188},
}

@inproceedings{bondi_2000,
	author = {Bondi, Andr\'{e} B.},
	title = {Characteristics of Scalability and Their Impact on Performance},
	year = {2000},
	isbn = {158113195X},
	publisher = {Association for Computing Machinery},
	address = {New York, NY, USA},
	url = {https://doi.org/10.1145/350391.350432},
	doi = {10.1145/350391.350432},
	booktitle = {Proceedings of the 2nd International Workshop on Software and Performance},
	pages = {195--203},
	numpages = {9},
	keywords = {performance, load scalability, structural and space scalability},
	location = {Ottawa, Ontario, Canada},
	series = {WOSP '00}
}

@online{microsoft_2010,
	title = {Design Fundamentals},
	url = {https://learn.microsoft.com/en-us/previous-versions/msp-n-p/ee658094(v=pandp.10)},
	author = {Microsoft},
	urldate = {2010},
	date = {2010},
}

@misc{keele2007guidelines,
  title={Guidelines for performing systematic literature reviews in software engineering},
  author={Kitchenham, B. and Charters, S.},
  year={2007},
  publisher={Technical report, ver. 2.3 ebse technical report. ebse}
}

@ARTICLE{hinsen2019,
  author={Hinsen, Konrad},
  journal={Computing in Science and Engineering}, 
  title={Dealing With Software Collapse}, 
  year={2019},
  volume={21},
  number={3},
  pages={104-108},
  doi={10.1109/MCSE.2019.2900945}
}

@misc{chue_hong_neil_p_2022_6623556,
  author       = {Chue Hong, Neil P. and
                  Katz, Daniel S. and
                  Barker, Michelle and
                  Lamprecht, Anna-Lena and
                  Martinez, Carlos and
                  Psomopoulos, Fotis E. and
                  Harrow, Jen and
                  Castro, Leyla Jael and
                  Gruenpeter, Morane and
                  Martinez, Paula Andrea and
                  Honeyman, Tom and
                  Struck, Alexander and
                  Lee, Allen and
                  Loewe, Axel and
                  van Werkhoven, Ben and
                  Jones, Catherine and
                  Garijo, Daniel and
                  Plomp, Esther and
                  Genova, Francoise and
                  Shanahan, Hugh and
                  Leng, Joanna and
                  Hellström, Maggie and
                  Sandström, Malin and
                  Sinha, Manodeep and
                  Kuzak, Mateusz and
                  Herterich, Patricia and
                  Zhang, Qian and
                  Islam, Sharif and
                  Sansone, Susanna-Assunta and
                  Pollard, Tom and
                  Atmojo, Udayanto Dwi and
                  Williams, Alan and
                  Czerniak, Andreas and
                  Niehues, Anna and
                  Fouilloux, Anne Claire and
                  Desinghu, Bala and
                  Goble, Carole and
                  Richard, Céline and
                  Gray, Charles and
                  Erdmann, Chris and
                  Nüst, Daniel and
                  Tartarini, Daniele and
                  Ranguelova, Elena and
                  Anzt, Hartwig and
                  Todorov, Ilian and
                  McNally, James and
                  Moldon, Javier and
                  Burnett, Jessica and
                  Garrido-Sánchez, Julián and
                  Belhajjame, Khalid and
                  Sesink, Laurents and
                  Hwang, Lorraine and
                  Tovani-Palone, Marcos Roberto and
                  Wilkinson, Mark D. and
                  Servillat, Mathieu and
                  Liffers, Matthias and
                  Fox, Merc and
                  Miljković, Nadica and
                  Lynch, Nick and
                  Martinez Lavanchy, Paula and
                  Gesing, Sandra and
                  Stevens, Sarah and
                  Martinez Cuesta, Sergio and
                  Peroni, Silvio and
                  Soiland-Reyes, Stian and
                  Bakker, Tom and
                  Rabemanantsoa, Tovo and
                  Sochat, Vanessa and
                  Yehudi, Yo and
                  RDA FAIR4RS WG},
  title        = {{FAIR Principles for Research Software (FAIR4RS Principles)}},
  month        = may,
  year         = 2022,
  publisher    = {Zenodo},
  version      = {1.0},
  doi          = {10.15497/RDA00068},
  url          = {https://doi.org/10.15497/RDA00068}
}

@misc{eosc_synergyD31,
	author = {Mario David and Isabel Campos and Valentin Kozlov and Amanda Calatrava and  EOSC-SYNERGY},
	title = {EOSC-SYNERGY. EU DELIVERABLE: D3.1 Software Maturity baseline},
	year = {2020},
	doi = {10.20350/digitalCSIC/12607},	
	organization ={EOSC-SYNERGY receives funding from the European Union's Horizon 2020 research and innovation programme under grant agreement No. 857647.}
}

@misc{Boettigeral2017,
	url = {https://codemeta.github.io/},
	canonicaluri = {\url{https://codemeta.github.io/}},
	title = {CodeMeta Project Crosswalk},
	YEAR = {2017},
	howpublished = {\url{https://codemeta.github.io/}},
	authors = {Carl Boettiger and Matthew B. Jones and Abby Cabunoc Mayes and Arfon Smith and Peter Slaughter and Kyle Niemeyer and Yolanda Gil and Martin Fenner and Krzysztof Nowak and Mark Hahnel and Luke Coy and Alice Allen and Mercè Crosas and Ashley Sands and Neil Chue Hong and Patricia Cruse and Dan Katz and Carole Goble},
}

@article{guha_schemaorg_2016,
	author = {Guha, R. V. and Brickley, Dan and Macbeth, Steve},
	title = {Schema.Org: Evolution of Structured Data on the Web},
	year = {2016},
	issue_date = {February 2016},
	publisher = {Association for Computing Machinery},
	address = {New York, NY, USA},
	volume = {59},
	number = {2},
	issn = {0001-0782},
	url = {https://doi.org/10.1145/2844544},
	doi = {10.1145/2844544},
	journal = {Commun. ACM},
	pages = {44-51},
	numpages = {8}
}

@misc{sg1tf2023,
  author       = {Guy Courbebaisse and
                  Bernd Flemisch and
                  Kay Graf and
                  Uwe Konrad and
                  Jason Maassen and
                  Raphael Ritz},
  title        = {Research Software Lifecycle},
  month        = sep,
  year         = 2023,
  publisher    = {Zenodo},
}


@article{TheFourPillarsOfRSE_2021,
  author={Cohen, Jeremy and Katz, Daniel S. and Barker, Michelle and Chue Hong, Neil and Haines, Robert and Jay, Caroline},
  journal={IEEE Software}, 
  title={The Four Pillars of Research Software Engineering}, 
  year={2021},
  volume={38},
  number={1},
  pages={97-105},
  doi={10.1109/MS.2020.2973362}
}

@book{sirs_2019,
  author = {European Commission and Directorate-General for Research and Innovation},
  title = {Scholarly Infrastructures for Research Software - Report from the EOSC Executive Board Working Group (WG) Architecture Task Force (TF) SIRS},
  publisher = {Publications Office},
  year = {2020},
  doi = {https://doi.org/10.2777/28598}
}

@inproceedings{gil2016ontosoft,
	title        = {OntoSoft: A distributed semantic registry for scientific software},
	author       = {Gil, Yolanda and Garijo, Daniel and Mishra, Saurabh and Ratnakar, Varun},
	year         = 2016,
	booktitle    = {e-Science (e-Science), 2016 IEEE 12th International Conference on},
	pages        = {331--336},
	doi          = {10.1109/eScience.2016.7870916},
	url          = {https://dgarijo.com/papers/ontoSoft2016.pdf},
	organization = {IEEE}
}

@inproceedings{gangemi2002sweetening,
  title={Sweetening ontologies with DOLCE},
  author={Gangemi, Aldo and Guarino, Nicola and Masolo, Claudio and Oltramari, Alessandro and Schneider, Luc},
  booktitle={International conference on knowledge engineering and knowledge management},
  pages={166--181},
  year={2002},
  organization={Springer}
}

@article{spear2016functions,
  title={Functions in basic formal ontology},
  author={Spear, Andrew D and Ceusters, Werner and Smith, Barry},
  journal={Applied Ontology},
  volume={11},
  number={2},
  pages={103--128},
  year={2016},
  publisher={IOS Press}
}

@inproceedings{garijo2019okg,
  title={OKG-Soft: An open knowledge graph with machine readable scientific software metadata},
  author={Garijo, Daniel and Osorio, Maximiliano and Khider, Deborah and Ratnakar, Varun and Gil, Yolanda},
  booktitle={2019 15th International Conference on eScience (eScience)},
  pages={349--358},
  year={2019},
  organization={IEEE}
}